<?xml version="1.0" encoding="UTF-8" ?>
<collection xmlns:xsi="http://www.w3.org/2001/XMLSchema-instance" xsi:schemaLocation="http://www.loc.gov/MARC21/slim http://www.loc.gov/standards/marcxml/schema/MARC21slim.xsd" xmlns="http://www.loc.gov/MARC21/slim">
   <record>
      <leader>     mam a22      a 4500</leader>
      <controlfield tag="001">1670935</controlfield>
      <controlfield tag="003">COO</controlfield>
      <controlfield tag="005">20140824225439.0</controlfield>
      <controlfield tag="008">901016s1955    ua       b    001 0caraod</controlfield>
      <datafield tag="035" ind1=" " ind2=" ">
         <subfield code="a">(NIC)notisAHV8130</subfield>
      </datafield>
      <datafield tag="035" ind1=" " ind2=" ">
         <subfield code="a">(OCoLC)18969205</subfield>
      </datafield>
      <datafield tag="035" ind1=" " ind2=" ">
         <subfield code="a">1670935</subfield>
      </datafield>
      <datafield tag="040" ind1=" " ind2=" ">
         <subfield code="a">NhD</subfield>
         <subfield code="c">NhD</subfield>
         <subfield code="d">NIC</subfield>
      </datafield>
      <datafield tag="090" ind1=" " ind2=" ">
         <subfield code="a">DS38.4.A2</subfield>
         <subfield code="b">M37 1955</subfield>
      </datafield>
      <datafield tag="100" ind1="1" ind2=" ">
         <subfield code="a">Maqrīzī, Aḥmad ibn ʻAlī,</subfield>
         <subfield code="d">1364-1442.</subfield>
      </datafield>
      <datafield tag="245" ind1="1" ind2="3">
         <subfield code="a">al-Dhahab al-masbūk fī dhikr man ḥajja min al-khulafāʾ wa-al-mulūk /</subfield>
         <subfield code="c">taʾlīf Taqī al-Dīn Aḥmid ibn ʻAlī al-Maqrīzī ; nasharahu li-awwal marrah ʻan makhṭūṭāt al-Uskūryāl wa-Istanbūl wa-Bārīs wa-ḥaqqaqahu wa-ʻallaqa ḥawāshīyahu wa-gaddama lahu wa-waḍaʻa fahārisahu Jamāl al-Dīn al-Shayyāl.</subfield>
      </datafield>
      <datafield tag="260" ind1=" " ind2=" ">
         <subfield code="a">Miṣr :</subfield>
         <subfield code="b">Maktabat al-Khānjī ;</subfield>
         <subfield code="a">Baghdād :</subfield>
         <subfield code="b">Maktabat al-Muthannā,</subfield>
         <subfield code="c">1955.</subfield>
      </datafield>
      <datafield tag="300" ind1=" " ind2=" ">
         <subfield code="a">32, [1], 164 p. ;</subfield>
         <subfield code="c">22 cm.</subfield>
      </datafield>
      <datafield tag="440" ind1=" " ind2="0">
         <subfield code="a">Maktabat al-Maqrīzī al-ṣaghīrah ;</subfield>
         <subfield code="v">3</subfield>
      </datafield>
      <datafield tag="504" ind1=" " ind2=" ">
         <subfield code="a">Bibliography: p. [27]-[33] (1st group)</subfield>
      </datafield>
      <datafield tag="500" ind1=" " ind2=" ">
         <subfield code="a">Includes indexes.</subfield>
      </datafield>
      <datafield tag="651" ind1=" " ind2="0">
         <subfield code="a">Islamic Empire</subfield>
         <subfield code="x">Kings and rulers</subfield>
         <subfield code="x">Biography.</subfield>
      </datafield>
      <datafield tag="700" ind1="1" ind2=" ">
         <subfield code="a">Shayyāl, Jamāl al-Dīn.</subfield>
      </datafield>
      <datafield tag="905" ind1=" " ind2=" ">
         <subfield code="a">19910405120000.0</subfield>
      </datafield>
      <datafield tag="903" ind1=" " ind2=" ">
         <subfield code="a">NYUACO</subfield>
         <subfield code="d">20141028</subfield>
         <subfield code="p">31924059065643</subfield>
      </datafield>
      <datafield tag="950" ind1=" " ind2=" ">
         <subfield code="a">DS38.4.A2</subfield>
         <subfield code="b">M29</subfield>
         <subfield code="v"> </subfield>
      </datafield>
   </record>
</collection>
